% BibTeX Entries
@book{PMBOK,
  author               = "Anderson, Thomas and Dahlin, Mike",
  title                = {Operating Systems. Principles \& Practice},
  edition              = {2},
  publisher            = {Recursive Books},
  year                 = {2015},
}
 
@book{so2016,
  author               = {\relax Apuntes de CÃ¡tedra},
  title                = {Sistemas Operativos},
  year                 = {2016},
}